<collection xmlns='http://www.loc.gov/MARC21/slim' xmlns:xsi='http://www.w3.org/2001/XMLSchema-instance' xsi:schemaLocation='http://www.loc.gov/standards/marcxml/schema/MARC21slim.xsd'>
  <record xmlns="http://www.loc.gov/MARC21/slim">
    <leader>00000ctm a2200000Ia 4500</leader>
    <controlfield tag="001">on1090643644</controlfield>
    <controlfield tag="008">190325m16701672tu a          000 0 ara  </controlfield>
    <datafield tag="040" ind1=" " ind2=" ">
      <subfield code="a">ZCU</subfield>
      <subfield code="b">eng</subfield>
      <subfield code="e">amremm</subfield>
      <subfield code="c">ZCU</subfield>
      <subfield code="d">ZCU</subfield>
    </datafield>
    <datafield tag="035" ind1=" " ind2=" ">
      <subfield code="a">(NNC)13806437</subfield>
    </datafield>
    <datafield tag="049" ind1=" " ind2=" ">
      <subfield code="a">ZCUA</subfield>
    </datafield>
    <datafield tag="245" ind1="0" ind2="0">
      <subfield code="6">880-01</subfield>
      <subfield code="a">Kitāb fī sharḥ al-Mulakhkhaṣ ...</subfield>
    </datafield>
    <datafield tag="246" ind1="3" ind2="0">
      <subfield code="6">880-02</subfield>
      <subfield code="a">Fī sharḥ al-Mulakhkhaṣ</subfield>
    </datafield>
    <datafield tag="264" ind1=" " ind2="0">
      <subfield code="a">Turkey,</subfield>
      <subfield code="c">1670-1672.</subfield>
    </datafield>
    <datafield tag="300" ind1=" " ind2=" ">
      <subfield code="a">119 foliated leaves + 5 :</subfield>
      <subfield code="b">paper, illustrations ;</subfield>
      <subfield code="c">207 x 150 (160 x 85) mm, bound to 210 x 160 mm</subfield>
    </datafield>
    <datafield tag="336" ind1=" " ind2=" ">
      <subfield code="a">text</subfield>
      <subfield code="b">txt</subfield>
      <subfield code="2">rdacontent</subfield>
    </datafield>
    <datafield tag="337" ind1=" " ind2=" ">
      <subfield code="a">unmediated</subfield>
      <subfield code="b">n</subfield>
      <subfield code="2">rdamedia</subfield>
    </datafield>
    <datafield tag="338" ind1=" " ind2=" ">
      <subfield code="a">volume</subfield>
      <subfield code="b">nc</subfield>
      <subfield code="2">rdacarrier</subfield>
    </datafield>
    <datafield tag="340" ind1=" " ind2=" ">
      <subfield code="d">manuscript</subfield>
    </datafield>
    <datafield tag="500" ind1=" " ind2=" ">
      <subfield code="a">Manuscript codex.</subfield>
    </datafield>
    <datafield tag="520" ind1=" " ind2=" ">
      <subfield code="a">Set of works on mathematics and astronomy copied together in what appears to be the same hand. The second work has a supercommentary copied in the margins. Several leaves of calculations and notations tipped or laid in; two tipped in pages have been foliated along with the leaves (f. 26, 33). Also includes one page in Ottoman Turkish (f.94v).</subfield>
    </datafield>
    <datafield tag="546" ind1=" " ind2=" ">
      <subfield code="a">Arabic with one page in Ottoman Turkish.</subfield>
    </datafield>
    <datafield tag="500" ind1=" " ind2=" ">
      <subfield code="a">Title for set from introduction to second work.</subfield>
    </datafield>
    <datafield tag="505" ind1="1" ind2=" ">
      <subfield code="a">1. f. 1v-20v: Kitāb fī ʻilm al-asṭurlāb / Jamāl al-Dīn Abū al-Qāsim ibn Maḥfūẓ -- 2. f. 21v-86v: Sharḥ al-Mulakhkhaṣ / Mūsá ibn Muḥammad Qāḍīʹzādah -- 3. f. 21v-86v margins: [Ḥāshiyat al-Birjandī ʻalá Sharḥ Qāḍīʹzādah al-Rūmī ʻalá al-Mulakhkhaṣ] / ʻAbd al-ʻAlī ibn Muḥammad ibn Ḥusayn al-Birjandī -- 4. f. 89v-94r: [Ḥāshiyah ʻalá Baḥth al-shaʻīrāt fī Sharḥ al-Mulakhkhaṣ] / Aḥmad ibn Aḥmad al-ʻImādī -- 5. f. 97v-119v: Sharḥ Ashkāl al-taʼsīs / Mūsá ibn Muḥammad Qāḍīʹzādah</subfield>
    </datafield>
    <datafield tag="500" ind1=" " ind2=" ">
      <subfield code="a">Layout: 21-25 lines; some leaves with extensive marginalia on three sides.</subfield>
    </datafield>
    <datafield tag="500" ind1=" " ind2=" ">
      <subfield code="a">Script: Written in nastaʻlīq in black ink; pointed.</subfield>
    </datafield>
    <datafield tag="500" ind1=" " ind2=" ">
      <subfield code="a">Decoration: Rubrications in red including terms, overlining, diagrams. Numerous geometrical diagrams throughout.</subfield>
    </datafield>
    <datafield tag="500" ind1=" " ind2=" ">
      <subfield code="a">Origin: Copied in Turkey, parts of the manuscript are dated from Ṣafar 1081 AH (f. 86v) to Ramaḍān 1082 AH (f. 119v).</subfield>
    </datafield>
    <datafield tag="563" ind1=" " ind2=" ">
      <subfield code="a">Quarter covers of paper over pasteboard with faint, green design visible; brown leather spine; back cover partially detached; endbands in red and yellow.</subfield>
    </datafield>
    <datafield tag="500" ind1=" " ind2=" ">
      <subfield code="a">Shelfmark: MS Or 307.</subfield>
    </datafield>
    <datafield tag="541" ind1="1" ind2=" ">
      <subfield code="a">Gift of George Arthur Plimpton, 1936.</subfield>
    </datafield>
    <datafield tag="561" ind1="1" ind2=" ">
      <subfield code="a">Formerly owned by George Arthur Plimpton (bookplate inside front cover).</subfield>
    </datafield>
    <datafield tag="588" ind1="0" ind2=" ">
      <subfield code="a">Item cataloged from digital facsimile and existing description.</subfield>
    </datafield>
    <datafield tag="530" ind1=" " ind2=" ">
      <subfield code="a">Also available as a digital facsimile.</subfield>
    </datafield>
    <datafield tag="600" ind1="1" ind2="0">
      <subfield code="6">880-03</subfield>
      <subfield code="a">Jighmīnī, Maḥmūd ibn Muḥammad,</subfield>
      <subfield code="d">-1221?</subfield>
      <subfield code="t">Mulakhkhaṣ fī al-hayʼah.</subfield>
    </datafield>
    <datafield tag="600" ind1="1" ind2="0">
      <subfield code="6">880-04</subfield>
      <subfield code="a">Qāḍīʹzādah, Mūsá ibn Muḥammad,</subfield>
      <subfield code="d">-approximately 1436.</subfield>
      <subfield code="t">Sharḥ al-Jighmīnī.</subfield>
    </datafield>
    <datafield tag="600" ind1="1" ind2="0">
      <subfield code="6">880-05</subfield>
      <subfield code="a">Samarqandī, Muḥammad ibn Ashraf,</subfield>
      <subfield code="d">active 13th century.</subfield>
      <subfield code="t">Ashkāl al-taʼsīs.</subfield>
    </datafield>
    <datafield tag="600" ind1="0" ind2="0">
      <subfield code="a">Euclid.</subfield>
      <subfield code="t">Elements.</subfield>
    </datafield>
    <datafield tag="650" ind1=" " ind2="0">
      <subfield code="a">Mathematics, Arab</subfield>
      <subfield code="v">Early works to 1800.</subfield>
    </datafield>
    <datafield tag="650" ind1=" " ind2="0">
      <subfield code="a">Geometry</subfield>
      <subfield code="v">Early works to 1800.</subfield>
    </datafield>
    <datafield tag="650" ind1=" " ind2="0">
      <subfield code="a">Astronomy, Arab</subfield>
      <subfield code="v">Early works to 1800.</subfield>
    </datafield>
    <datafield tag="650" ind1=" " ind2="0">
      <subfield code="a">Astrolabes</subfield>
      <subfield code="v">Early works to 1800.</subfield>
    </datafield>
    <datafield tag="650" ind1=" " ind2="0">
      <subfield code="a">Manuscripts, Arabic</subfield>
      <subfield code="z">New York (State)</subfield>
      <subfield code="z">New York.</subfield>
    </datafield>
    <datafield tag="655" ind1=" " ind2="7">
      <subfield code="a">Manuscripts (documents)</subfield>
      <subfield code="2">aat</subfield>
    </datafield>
    <datafield tag="655" ind1=" " ind2="7">
      <subfield code="a">Codices (bound manuscripts)</subfield>
      <subfield code="2">aat</subfield>
    </datafield>
    <datafield tag="655" ind1=" " ind2="7">
      <subfield code="a">Commentaries.</subfield>
      <subfield code="2">aat</subfield>
    </datafield>
    <datafield tag="655" ind1=" " ind2="7">
      <subfield code="a">Diagrams.</subfield>
      <subfield code="2">aat</subfield>
    </datafield>
    <datafield tag="700" ind1="1" ind2="2">
      <subfield code="6">880-06</subfield>
      <subfield code="a">Baghdādī, Jamāl al-Dīn ibn Maḥfūẓ,</subfield>
      <subfield code="d">active 13th century?</subfield>
      <subfield code="t">Kitāb fī ʻilm al-asṭurlāb.</subfield>
    </datafield>
    <datafield tag="700" ind1="1" ind2="2">
      <subfield code="6">880-07</subfield>
      <subfield code="a">Qāḍīʹzādah, Mūsá ibn Muḥammad,</subfield>
      <subfield code="d">-approximately 1436.</subfield>
      <subfield code="t">Sharḥ al-Jighmīnī.</subfield>
    </datafield>
    <datafield tag="700" ind1="1" ind2="2">
      <subfield code="6">880-08</subfield>
      <subfield code="a">Birjandī, ʻAbd al-ʻAlī ibn Muḥammad ibn Ḥusayn,</subfield>
      <subfield code="d">active 16th century.</subfield>
      <subfield code="t">Ḥāshiyat al-Birjandī ʻalá Sharḥ Qāḍīʹzādah al-Rūmī ʻalá al-Mulakhkhaṣ.</subfield>
    </datafield>
    <datafield tag="700" ind1="1" ind2="2">
      <subfield code="6">880-09</subfield>
      <subfield code="a">ʻImādī, Aḥmad ibn Aḥmad,</subfield>
      <subfield code="d">-1703 or 1704.</subfield>
      <subfield code="t">Ḥāshiyah ʻalá Baḥth al-shaʻīrāt fī Sharḥ al-Mulakhkhaṣ.</subfield>
    </datafield>
    <datafield tag="700" ind1="1" ind2="2">
      <subfield code="6">880-10</subfield>
      <subfield code="a">Qāḍīʹzādah, Mūsá ibn Muḥammad,</subfield>
      <subfield code="d">-approximately 1436.</subfield>
      <subfield code="t">Sharḥ Ashkāl al-taʼsīs.</subfield>
    </datafield>
    <datafield tag="700" ind1="1" ind2=" ">
      <subfield code="a">Plimpton, George A.</subfield>
      <subfield code="q">(George Arthur),</subfield>
      <subfield code="d">1855-1936,</subfield>
      <subfield code="e">former owner.</subfield>
    </datafield>
    <datafield tag="710" ind1="2" ind2=" ">
      <subfield code="a">Muslim World Manuscripts (Columbia University. Rare Book and Manuscript Library)</subfield>
      <subfield code="5">NNC</subfield>
    </datafield>
    <datafield tag="856" ind1="4" ind2="1">
      <subfield code="z">Digital facsimile in OPenn</subfield>
      <subfield code="u">http://openn.library.upenn.edu/Data/0032/html/ms_or_307.html</subfield>
    </datafield>
    <datafield tag="852" ind1=" " ind2=" ">
      <subfield code="a">Columbia University.</subfield>
      <subfield code="b">Rare Book and Manuscript Library</subfield>
      <subfield code="e">New York, NY. 10027</subfield>
      <subfield code="n">nyu</subfield>
      <subfield code="u">https://clio.columbia.edu/catalog/13806437</subfield>
    </datafield>
    <datafield tag="880" ind1="0" ind2="0">
      <subfield code="6">245-01/(3/r</subfield>
      <subfield code="a">كتاب في شرح الملخص ...</subfield>
    </datafield>
    <datafield tag="880" ind1="3" ind2="0">
      <subfield code="6">246-02/(3/r</subfield>
      <subfield code="a">في شرح الملخص</subfield>
    </datafield>
    <datafield tag="880" ind1="1" ind2="4">
      <subfield code="6">600-03/(3/r</subfield>
      <subfield code="a">جغميني، محمود بن محمد،</subfield>
      <subfield code="d">-1221؟</subfield>
      <subfield code="t">ملخص في الهيئة.</subfield>
    </datafield>
    <datafield tag="880" ind1="1" ind2="4">
      <subfield code="6">600-04/(3/r</subfield>
      <subfield code="a">قاضي‌زاده، موسى بن محمد،</subfield>
      <subfield code="d">-نحو 1436.</subfield>
      <subfield code="t">شرح الجغميني.</subfield>
    </datafield>
    <datafield tag="880" ind1="1" ind2="4">
      <subfield code="6">600-05/(3/r</subfield>
      <subfield code="a">سمرقندي، محمد بن اشرف،</subfield>
      <subfield code="d">active 13th century.</subfield>
      <subfield code="t">اشكال التأسيس</subfield>
    </datafield>
    <datafield tag="880" ind1="1" ind2="2">
      <subfield code="6">700-06/(3/r</subfield>
      <subfield code="a">بغدادي، جمال الدين بن محفوظ،</subfield>
      <subfield code="d">active 13th century?</subfield>
      <subfield code="t">كتاب في علم الاسطرلاب.</subfield>
    </datafield>
    <datafield tag="880" ind1="1" ind2="2">
      <subfield code="6">700-07/(3/r</subfield>
      <subfield code="a">قاضي‌زاده، موسى بن محمد،</subfield>
      <subfield code="d">-نحو 1436.</subfield>
      <subfield code="t">شرح الجغميني</subfield>
    </datafield>
    <datafield tag="880" ind1="1" ind2="2">
      <subfield code="6">700-08/(3/r</subfield>
      <subfield code="a">برجندي، عبد العلي بن محمد بن حسين،</subfield>
      <subfield code="d">active 16th century.</subfield>
      <subfield code="t">حاشية البرجندي على شرح قاضي‌زادة الرومي على الملخص.</subfield>
    </datafield>
    <datafield tag="880" ind1="1" ind2="2">
      <subfield code="6">700-09/(3/r</subfield>
      <subfield code="a">عمادي، احمد بن احمد. -1703 أو 1704،</subfield>
      <subfield code="t">حاشية على بحث الشعيرات في شرح الملخص.</subfield>
    </datafield>
    <datafield tag="880" ind1="1" ind2="2">
      <subfield code="6">700-10/(3/r</subfield>
      <subfield code="a">قاضي‌زادة، موسى بن محمد،</subfield>
      <subfield code="d">نحو 1436.</subfield>
      <subfield code="t">شرح اشكال التأسيس.</subfield>
    </datafield>
    <datafield tag="066" ind1=" " ind2=" ">
      <subfield code="c">(3</subfield>
    </datafield>
  </record></collection>